<?xml version="1.0" encoding="UTF-8"?><collection xmlns="http://www.loc.gov/MARC21/slim"><record><leader>00523nam--2200193-i-4500</leader><controlfield tag="001">000033974</controlfield><controlfield tag="002">20161230</controlfield><controlfield tag="005">20161230201039</controlfield><controlfield tag="008">060222s1000------------r-----000-0-rus-d</controlfield><datafield ind1=" " ind2=" " tag="040"><subfield code="a">IFIN-HH</subfield></datafield><datafield ind1=" " ind2=" " tag="041"><subfield code="a">rus</subfield></datafield><datafield ind1=" " ind2=" " tag="080"><subfield code="a">539.144.6</subfield></datafield><datafield ind1="1" ind2=" " tag="100"><subfield code="a">Berlovici, E.E</subfield></datafield><datafield ind1="1" ind2="0" tag="245"><subfield code="a">Vremena jizni vozbujdennih sostoianii atomnih iader</subfield><subfield code="c">E.e. berlovici, s.s. vasilenko, yu.n. novikov</subfield></datafield><datafield ind1=" " ind2=" " tag="260"><subfield code="a">Leningrad</subfield><subfield code="b">Nauka</subfield><subfield code="c">1972</subfield></datafield><datafield ind1=" " ind2=" " tag="300"><subfield code="a">231P</subfield></datafield><datafield ind1="1" ind2=" " tag="700"><subfield code="a">Novikov, Yu.N</subfield></datafield><datafield ind1=" " ind2=" " tag="852"><subfield code="a">38413</subfield><subfield code="c">539.14</subfield></datafield><datafield ind1=" " ind2=" " tag="CAT"><subfield code="a">Sys</subfield><subfield code="c">20120329</subfield><subfield code="h">094749</subfield></datafield></record></collection>